
<marc:record><marc:leader>02578 ai a22004333i 4500</marc:leader>
<marc:controlfield tag="006">m     o  d f      </marc:controlfield>
<marc:controlfield tag="007">cr</marc:controlfield><marc:controlfield tag="008">240301c20249999dcu x w ol   f0    2eng d</marc:controlfield><marc:datafield tag="040" ind1=" " ind2=" "><marc:subfield code="a">GPO</marc:subfield><marc:subfield code="b">eng</marc:subfield><marc:subfield code="e">rda</marc:subfield><marc:subfield code="e">pn</marc:subfield><marc:subfield code="c">GPO</marc:subfield></marc:datafield><marc:datafield tag="043" ind1=" " ind2=" "><marc:subfield code="a">n-us---</marc:subfield></marc:datafield><marc:datafield tag="086" ind1="0" ind2=" "><marc:subfield code="a">Y 1.4/1:118-2/3708/</marc:subfield></marc:datafield><marc:datafield tag="110" ind1="1" ind2=" "><marc:subfield code="a">United States.</marc:subfield><marc:subfield code="b">Congress</marc:subfield><marc:subfield code="n">(118th, 2nd Session : </marc:subfield><marc:subfield code="d">2024). </marc:subfield><marc:subfield code="b">Senate, </marc:subfield><marc:subfield code="e">author.</marc:subfield></marc:datafield><marc:datafield tag="245" ind1="1" ind2="0"><marc:subfield code="a">To Reprogram Federal Funds Appropriated for UNRWA to Construct the Southwest Border Wall and to Prohibit Future Funding for UNRWA.</marc:subfield></marc:datafield><marc:datafield tag="246" ind1="1" ind2=" "><marc:subfield code="i">At head of title: </marc:subfield><marc:subfield code="a">S. 3708</marc:subfield></marc:datafield><marc:datafield tag="264" ind1=" " ind2="1"><marc:subfield code="a">[Washington, D.C.] :</marc:subfield><marc:subfield code="b">[U.S. Government Publishing Office],</marc:subfield><marc:subfield code="c">2024-</marc:subfield></marc:datafield><marc:datafield tag="300" ind1=" " ind2=" "><marc:subfield code="a">1 online resource</marc:subfield></marc:datafield><marc:datafield tag="310" ind1=" " ind2=" "><marc:subfield code="a">Updated irregularly</marc:subfield></marc:datafield><marc:datafield tag="336" ind1=" " ind2=" "><marc:subfield code="a">text</marc:subfield><marc:subfield code="b">txt</marc:subfield><marc:subfield code="2">rdacontent</marc:subfield></marc:datafield><marc:datafield tag="337" ind1=" " ind2=" "><marc:subfield code="a">computer</marc:subfield><marc:subfield code="b">c</marc:subfield><marc:subfield code="2">rdamedia</marc:subfield></marc:datafield><marc:datafield tag="338" ind1=" " ind2=" "><marc:subfield code="a">online resource</marc:subfield><marc:subfield code="b">cr</marc:subfield><marc:subfield code="2">rdacarrier</marc:subfield></marc:datafield><marc:datafield tag="500" ind1=" " ind2=" "><marc:subfield code="a">Batch processed record.</marc:subfield></marc:datafield><marc:datafield tag="500" ind1=" " ind2=" "><marc:subfield code="a">This record provides access to the versions of this bill or resolution published in the United States Government Publishing Office's (GPO) GovInfo system. To see the versions, use the GPO PURL. To see the actions related to this bill or resolution, use the Congress.gov URL.</marc:subfield></marc:datafield><marc:datafield tag="500" ind1=" " ind2=" "><marc:subfield code="a">At head of title: 118th Congress, 2d session.</marc:subfield></marc:datafield><marc:datafield tag="500" ind1=" " ind2=" "><marc:subfield code="a">Sponsor(s): Senator John Kennedy.</marc:subfield></marc:datafield><marc:datafield tag="500" ind1=" " ind2=" "><marc:subfield code="a">Cosponsor(s): Senator Marco Rubio, Senator Mike Crapo, Senator John Barrasso, Senator Marsha Blackburn, Senator Tom Cotton, Senator Kevin Cramer, Senator Cynthia M. Lummis, Senator Roger F. Wicker.</marc:subfield></marc:datafield><marc:datafield tag="500" ind1=" " ind2=" "><marc:subfield code="a">Referred committee(s): Senate Committee on Foreign Relations.</marc:subfield></marc:datafield><marc:datafield tag="500" ind1=" " ind2=" "><marc:subfield code="a">Date of introduction: &quot;January 31, 2024.&quot;</marc:subfield></marc:datafield><marc:datafield tag="500" ind1=" " ind2=" "><marc:subfield code="a">United States Congress chamber(s): United States Senate.</marc:subfield></marc:datafield><marc:datafield tag="500" ind1=" " ind2=" "><marc:subfield code="a">United States federal government branch: Legislative branch.</marc:subfield></marc:datafield><marc:datafield tag="500" ind1=" " ind2=" "><marc:subfield code="a">Access ID (GovInfo): BILLS-118s3708is.</marc:subfield></marc:datafield><marc:datafield tag="500" ind1=" " ind2=" "><marc:subfield code="a">Pagination at time of introduction: 2 pages.</marc:subfield></marc:datafield><marc:datafield tag="500" ind1=" " ind2=" "><marc:subfield code="a">In scope of the U.S. Government Publishing Office Cataloging and Indexing Program (C&amp;I) and Federal Depository Library Program (FDLP).</marc:subfield></marc:datafield><marc:datafield tag="588" ind1="0" ind2=" "><marc:subfield code="a">GovInfo.gov metadata; title from caption of the introduced version (GovInfo, January 31, 2024).</marc:subfield></marc:datafield><marc:datafield tag="650" ind1=" " ind2="7"><marc:subfield code="a">International Affairs.</marc:subfield><marc:subfield code="2">cgpa</marc:subfield></marc:datafield><marc:datafield tag="651" ind1=" " ind2="0"><marc:subfield code="a">United States</marc:subfield><marc:subfield code="x">Foreign relations</marc:subfield><marc:subfield code="x">Law and legislation.</marc:subfield></marc:datafield><marc:datafield tag="655" ind1=" " ind2="7"><marc:subfield code="a">Legislative bills.</marc:subfield><marc:subfield code="2">lcgft</marc:subfield></marc:datafield><marc:datafield tag="710" ind1="1" ind2=" "><marc:subfield code="a">United States.</marc:subfield><marc:subfield code="b">Congress.</marc:subfield><marc:subfield code="b">Senate.</marc:subfield><marc:subfield code="b">Committee on Foreign Relations.</marc:subfield></marc:datafield><marc:datafield tag="856" ind1="4" ind2=" "><marc:subfield code="z">Address at time of PURL creation </marc:subfield><marc:subfield code="u">https://www.govinfo.gov/app/details/BILLS-118s3708is/related</marc:subfield></marc:datafield><marc:datafield tag="856" ind1="4" ind2="2"><marc:subfield code="z">Congress.gov </marc:subfield><marc:subfield code="u">https://www.congress.gov/bill/118th-congress/S/3708/all-info?r=1&amp;s=1&amp;allSummaries=show</marc:subfield></marc:datafield></marc:record>